<record><leader>00000cas a22000007a 4500</leader><controlfield tag="001">16899168</controlfield><controlfield tag="008">871026d19321948aluwr ne      0    0eng d</controlfield><datafield ind1=" " ind2=" " tag="010"><subfield code="a">sn 87050329 </subfield></datafield><datafield ind1=" " ind2=" " tag="040"><subfield code="a">CPN</subfield><subfield code="b">eng</subfield><subfield code="c">CPN</subfield><subfield code="d">OCLCQ</subfield></datafield><datafield ind1=" " ind2=" " tag="042"><subfield code="a">msc</subfield></datafield><datafield ind1="0" ind2=" " tag="130"><subfield code="a">Shelby County democrat (Columbiana, Ala.)</subfield></datafield><datafield ind1="1" ind2="4" tag="245"><subfield code="a">The Shelby County democrat.</subfield></datafield><datafield ind1=" " ind2=" " tag="260"><subfield code="a">Columbiana, Ala. :</subfield><subfield code="b">Democrat Pub. Co.,</subfield><subfield code="c">1932-1948.</subfield></datafield><datafield ind1=" " ind2=" " tag="300"><subfield code="a">v.</subfield></datafield><datafield ind1=" " ind2=" " tag="310"><subfield code="a">Weekly</subfield></datafield><datafield ind1="0" ind2=" " tag="362"><subfield code="a">Vol. 1, no. 1 (Apr. 21, 1932)-v. 17, no. 14 (July 29, 1948).</subfield></datafield><datafield ind1=" " ind2=" " tag="752"><subfield code="a">United States</subfield><subfield code="b">Alabama</subfield><subfield code="c">Shelby</subfield><subfield code="d">Columbiana.</subfield></datafield><datafield ind1="0" ind2="7" tag="785"><subfield code="t">Shelby County reporter (Columbiana, Ala.)</subfield><subfield code="w">(DLC)sn 87050330</subfield></datafield><datafield ind1="0" ind2="7" tag="785"><subfield code="t">Shelby County reporter-democrat</subfield><subfield code="w">(DLC)sn 87050331</subfield></datafield></record>